<record><leader>00000cas a2200000Ia 4500</leader><controlfield tag="001">13322683</controlfield><controlfield tag="008">860321d19791985mousr ne      0   a0eng d</controlfield><datafield ind1=" " ind2=" " tag="010"><subfield code="a">sn 93060411 </subfield></datafield><datafield ind1=" " ind2=" " tag="040"><subfield code="a">WIH</subfield><subfield code="b">eng</subfield><subfield code="c">WIH</subfield><subfield code="d">MQN</subfield><subfield code="d">OCL</subfield><subfield code="d">OCLCQ</subfield></datafield><datafield ind1=" " ind2=" " tag="043"><subfield code="a">n-us-mo</subfield></datafield><datafield ind1="0" ind2="0" tag="245"><subfield code="a">Springfield labor record.</subfield></datafield><datafield ind1=" " ind2=" " tag="260"><subfield code="a">Springfield, Mo. :</subfield><subfield code="b">J.L. Vandeventer,</subfield><subfield code="c">1979-1985.</subfield></datafield><datafield ind1=" " ind2=" " tag="300"><subfield code="a">v.</subfield></datafield><datafield ind1=" " ind2=" " tag="310"><subfield code="a">Semimonthly,</subfield><subfield code="b">July 1981-</subfield></datafield><datafield ind1=" " ind2=" " tag="321"><subfield code="a">Weekly,</subfield><subfield code="b">1979-June 1981</subfield></datafield><datafield ind1="0" ind2=" " tag="362"><subfield code="a">Vol. 42, no. 34 (Aug. 31, 1979)-v. 48, no. 6 (Mar. 21, 1985).</subfield></datafield><datafield ind1=" " ind2=" " tag="530"><subfield code="a">Available on microfilm from the State Historical Society of Wisconsin.</subfield></datafield><datafield ind1=" " ind2=" " tag="550"><subfield code="a">Official publication of the: Springfield Labor Council; and: Springfield Building and Construction Trades Council.</subfield></datafield><datafield ind1=" " ind2="0" tag="650"><subfield code="a">Labor unions</subfield><subfield code="z">Missouri</subfield><subfield code="z">Springfield</subfield><subfield code="v">Newspapers.</subfield></datafield><datafield ind1="2" ind2=" " tag="710"><subfield code="a">Springfield Labor Council.</subfield></datafield><datafield ind1="2" ind2=" " tag="710"><subfield code="a">Building and Construction Trades Council of Springfield (Mo.)</subfield></datafield><datafield ind1="0" ind2="0" tag="780"><subfield code="t">Union labor record (Springfield, Mo.)</subfield><subfield code="w">(DLC)sn 93060413</subfield><subfield code="w">(OCoLC)13322620</subfield></datafield></record>